<?xml version="1.0" encoding="UTF-8"?><collection xmlns="http://www.loc.gov/MARC21/slim"><record><leader>00394nam--2200145-i-4500</leader><controlfield tag="001">000020639</controlfield><controlfield tag="002">20161230</controlfield><controlfield tag="005">20170113001103</controlfield><controlfield tag="008">060222s1000------------r-----000-0-eng-d</controlfield><datafield ind1=" " ind2=" " tag="080"><subfield code="a">378.4(430):620(047.1)</subfield></datafield><datafield ind1=" " ind2=" " tag="245"><subfield code="a">125 jahre Technische Universitat Munchen Jahrbuch 1993</subfield></datafield><datafield ind1=" " ind2=" " tag="260"><subfield code="a">Munchen</subfield><subfield code="b">Technische Universitat</subfield><subfield code="c">1994</subfield></datafield><datafield ind1=" " ind2=" " tag="300"><subfield code="a">809 p</subfield></datafield><datafield ind1=" " ind2=" " tag="852"><subfield code="a">79055</subfield></datafield><datafield ind1=" " ind2=" " tag="CAT"><subfield code="a">SYS</subfield><subfield code="c">20170113</subfield><subfield code="h">001103</subfield></datafield></record></collection>